<record><leader>00000cas a2200000 a 4500</leader><controlfield tag="001">12881534</controlfield><controlfield tag="008">851207d184318uumiuwr ne      0    0eng c</controlfield><datafield ind1=" " ind2=" " tag="010"><subfield code="a">sn 85038668 </subfield></datafield><datafield ind1=" " ind2=" " tag="040"><subfield code="a">NPY</subfield><subfield code="b">eng</subfield><subfield code="c">NPY</subfield><subfield code="d">MHN</subfield><subfield code="d">OCL</subfield><subfield code="d">OCLCQ</subfield><subfield code="d">OCLCF</subfield><subfield code="d">OCLCO</subfield></datafield><datafield ind1="1" ind2=" " tag="029"><subfield code="a">AU@</subfield><subfield code="b">000004531237</subfield></datafield><datafield ind1=" " ind2=" " tag="042"><subfield code="a">pcc</subfield></datafield><datafield ind1=" " ind2=" " tag="043"><subfield code="a">n-us-mi</subfield></datafield><datafield ind1="0" ind2="0" tag="245"><subfield code="a">Hillsdale gazette.</subfield></datafield><datafield ind1="1" ind2="3" tag="246"><subfield code="a">Semi-weekly gazette</subfield></datafield><datafield ind1="3" ind2=" " tag="246"><subfield code="a">Semiweekly gazette</subfield></datafield><datafield ind1=" " ind2=" " tag="260"><subfield code="a">Hillsdale, Mich. :</subfield><subfield code="b">McCollum &amp; Graves</subfield></datafield><datafield ind1=" " ind2=" " tag="300"><subfield code="a">v. ;</subfield><subfield code="c">56 cm.</subfield></datafield><datafield ind1=" " ind2=" " tag="310"><subfield code="a">Weekly,</subfield><subfield code="b">&lt;Aug. 7, 1846&gt;-</subfield></datafield><datafield ind1=" " ind2=" " tag="321"><subfield code="a">Weekly,</subfield><subfield code="b">June 30, 1843-May 29, 1846</subfield></datafield><datafield ind1=" " ind2=" " tag="321"><subfield code="a">Semiweekly,</subfield><subfield code="b">June 2-July 24, 1846</subfield></datafield><datafield ind1="0" ind2=" " tag="362"><subfield code="a">New ser., vol. 1, no. 1 (June 30, 1843) = whole no. 197-</subfield></datafield><datafield ind1=" " ind2=" " tag="500"><subfield code="a">Editors: I.H. McCollum &amp; Clem. E. Babb, &lt;1845&gt;; Amber &amp; Wooden, &lt;1851&gt;.</subfield></datafield><datafield ind1=" " ind2=" " tag="500"><subfield code="a">No issue published July 29, 1847 due to paper shortage.</subfield></datafield><datafield ind1=" " ind2=" " tag="500"><subfield code="a">Seal added to title on masthead: &lt;Nov. 11, 1847&gt;.</subfield></datafield><datafield ind1=" " ind2=" " tag="515"><subfield code="a">New series designation and whole numbering dropped &lt;Sept. 27, 1844&gt;.</subfield></datafield><datafield ind1=" " ind2=" " tag="515"><subfield code="a">Old series and new series designation dropped, July 22, 1847.</subfield></datafield><datafield ind1=" " ind2="0" tag="651"><subfield code="a">Hillsdale (Mich.)</subfield><subfield code="v">Newspapers.</subfield></datafield><datafield ind1=" " ind2="0" tag="651"><subfield code="a">Hillsdale County (Mich.)</subfield><subfield code="v">Newspapers.</subfield></datafield><datafield ind1=" " ind2="7" tag="655"><subfield code="a">Newspapers.</subfield><subfield code="2">fast</subfield><subfield code="0">(OCoLC)fst01423814</subfield></datafield><datafield ind1=" " ind2="7" tag="651"><subfield code="a">Michigan</subfield><subfield code="z">Hillsdale.</subfield><subfield code="2">fast</subfield><subfield code="0">(OCoLC)fst01219761</subfield></datafield><datafield ind1=" " ind2="7" tag="651"><subfield code="a">Michigan</subfield><subfield code="z">Hillsdale County.</subfield><subfield code="2">fast</subfield><subfield code="0">(OCoLC)fst01208681</subfield></datafield><datafield ind1=" " ind2=" " tag="752"><subfield code="a">United States</subfield><subfield code="b">Michigan</subfield><subfield code="c">Hillsdale</subfield><subfield code="d">Hillsdale.</subfield></datafield><datafield ind1="0" ind2="0" tag="780"><subfield code="t">Hillsdale County gazette</subfield><subfield code="w">(DLC)sn 85038659</subfield><subfield code="w">(OCoLC)12881530</subfield></datafield></record>